<?xml version="1.0" encoding="UTF-8"?><record xmlns="http://www.loc.gov/MARC21/slim" xmlns:cinclude="http://apache.org/cocoon/include/1.0" xmlns:zs="http://www.loc.gov/zing/srw/">
  <leader>01197nz  a2200241n  4500</leader>
  <controlfield tag="001">no2013027342</controlfield>
  <controlfield tag="003">DLC</controlfield>
  <controlfield tag="005">20130315110829.0</controlfield>
  <controlfield tag="008">130313n| azannaabn          |n aaa     c</controlfield>
  <datafield tag="010" ind1=" " ind2=" ">
    <subfield code="a">no2013027342</subfield>
  </datafield>
  <datafield tag="035" ind1=" " ind2=" ">
    <subfield code="a">(OCoLC)oca09425048</subfield>
  </datafield>
  <datafield tag="040" ind1=" " ind2=" ">
    <subfield code="a">ICrlF</subfield>
    <subfield code="b">eng</subfield>
    <subfield code="e">rda</subfield>
    <subfield code="c">ICrlF</subfield>
  </datafield>
  <datafield tag="100" ind1="1" ind2=" ">
    <subfield code="a">Breslau, Sharon</subfield>
  </datafield>
  <datafield tag="370" ind1=" " ind2=" ">
    <subfield code="e">Conn.</subfield>
    <subfield code="e">Woodstock, N.Y.</subfield>
    <subfield code="f">New York, N.Y.</subfield>
  </datafield>
  <datafield tag="372" ind1=" " ind2=" ">
    <subfield code="a">Publishing</subfield>
    <subfield code="a">Theater</subfield>
    <subfield code="a">Real estate</subfield>
  </datafield>
  <datafield tag="373" ind1=" " ind2=" ">
    <subfield code="a">Westwood Metes &amp; Bounds Realty</subfield>
    <subfield code="a">Performing Arts of Woodstock</subfield>
  </datafield>
  <datafield tag="374" ind1=" " ind2=" ">
    <subfield code="a">Author</subfield>
    <subfield code="a">Actress</subfield>
    <subfield code="a">Stage director</subfield>
    <subfield code="a">Real estate broker</subfield>
  </datafield>
  <datafield tag="375" ind1=" " ind2=" ">
    <subfield code="a">female</subfield>
  </datafield>
  <datafield tag="377" ind1=" " ind2=" ">
    <subfield code="a">eng</subfield>
  </datafield>
  <datafield tag="670" ind1=" " ind2=" ">
    <subfield code="a">Her Know your vegetables, c2011:</subfield>
    <subfield code="b">cover (words by Sharon Breslau)</subfield>
  </datafield>
  <datafield tag="670" ind1=" " ind2=" ">
    <subfield code="a">First Gardening Books website, Mar. 11, 2013</subfield>
    <subfield code="b">(Sharon Breslau, has been an actress, director, and a wordsmith in New York City and Woodstock, N.Y, spent her early years on a farm in Connecticut, has lived in Woodstock, N.Y. for the past ten years)</subfield>
  </datafield>
  <datafield tag="670" ind1=" " ind2=" ">
    <subfield code="a">Linkedin, Mar. 11, 2013</subfield>
    <subfield code="b">(Sharon Breslau, associate broker at Westwood Metes &amp; Bounds, Greater New York City Area, director and actor at Performing Arts of Woodstock)</subfield>
  </datafield>
  <datafield tag="678" ind1=" " ind2=" ">
    <subfield code="a">Sharon Breslau is an author, real estate broker, actor, and stage director.</subfield>
  </datafield>
</record>